@inproceedings{Flanagan:2009,
	Author = {Flanagan, Cormac and Freund, Stephen N.},
	Booktitle = {PLDI'09},
	Optacmid = {1542490},
	Optaddress = {New York, NY, USA},
	Optdoi = {10.1145/1542476.1542490},
	Optisbn = {978-1-60558-392-1},
	Optkeywords = {concurrency, dynamic analysis, race conditions},
	Optlocation = {Dublin, Ireland},
	Optnumpages = {13},
	Optpublisher = {ACM},
	Optseries = {PLDI '09},
	Opturl = {http://doi.acm.org/10.1145/1542476.1542490},
	Pages = {121--133},
	Title = {{FastTrack}: Efficient and Precise Dynamic Race Detection},
	Year = {2009}}

@inproceedings{Hilbrich:2013:DWS:2503210.2503237,
	OptAcmid = {2503237},
	OptAddress = {New York, NY, USA},
	OptArticleno = {16},
	Author = {Hilbrich, Tobias and de Supinski, Bronis R. and Nagel, Wolfgang E. and Protze, Joachim and Baier, Christel and M\"{u}ller, Matthias S.},
	Booktitle = {SC'13},
	OptDoi = {10.1145/2503210.2503237},
	OptIsbn = {978-1-4503-2378-9},
	OptLocation = {Denver, Colorado},
	OptNumpages = {12},
	Pages = {1--12},
	OptPublisher = {ACM},
	OptSeries = {SC '13},
	Title = {Distributed Wait State Tracking for Runtime MPI Deadlock Detection},
	OptUrl = {http://doi.acm.org/10.1145/2503210.2503237},
	Year = {2013},
	OptBdsk-Url-1 = {http://doi.acm.org/10.1145/2503210.2503237},
	OptBdsk-Url-2 = {http://dx.doi.org/10.1145/2503210.2503237}}

@inproceedings{Raychev:2015:PUA:2815400.2815418,
	OptAcmid = {2815418},
	OptAddress = {New York, NY, USA},
	Author = {Raychev, Veselin and Musuvathi, Madanlal and Mytkowicz, Todd},
	Booktitle = {SOSP'15},
	OptDoi = {10.1145/2815400.2815418},
	OptIsbn = {978-1-4503-3834-9},
	OptLocation = {Monterey, California},
	OptNumpages = {15},
	Pages = {153--167},
	OptPublisher = {ACM},
	OptSeries = {SOSP '15},
	Title = {Parallelizing User-defined Aggregations Using Symbolic Execution},
	OptUrl = {http://doi.acm.org/10.1145/2815400.2815418},
	Year = {2015},
	OptBdsk-Url-1 = {http://doi.acm.org/10.1145/2815400.2815418},
	OptBdsk-Url-2 = {http://dx.doi.org/10.1145/2815400.2815418}}

@inproceedings{Matveev:2015:RLS:2815400.2815406,
	OptAcmid = 2815406,
	OptAddress = {New York, NY, USA},
	Author = {Matveev, Alexander and Shavit, Nir and Felber, Pascal and Marlier, Patrick},
	Booktitle = {SOSP'15},
	OptDoi = {10.1145/2815400.2815406},
	OptIsbn = {978-1-4503-3834-9},
	OptLocation = {Monterey, California},
	OptNumpages = 16,
	Pages = {168--183},
	OptPublisher = {ACM},
	OptSeries = {SOSP '15},
	Title = {Read-log-update: A Lightweight Synchronization Mechanism for Concurrent Programming},
	OptUrl = {http://doi.acm.org/10.1145/2815400.2815406},
	Year = 2015}

@inproceedings{Sen:2008:RDR:1375581.1375584,
	OptAcmid = {1375584},
	OptAddress = {New York, NY, USA},
	Author = {Sen, Koushik},
	Booktitle = {PLDI'08},
	OptDoi = {10.1145/1375581.1375584},
	OptIsbn = {978-1-59593-860-2},
	OptKeywords = {concurrency, dynamic analysis, race detection, random testing},
	OptLocation = {Tucson, AZ, USA},
	OptNumpages = {11},
	Pages = {11--21},
	OptPublisher = {ACM},
	OptSeries = {PLDI '08},
	Title = {Race Directed Random Testing of Concurrent Programs},
	OptUrl = {http://doi.acm.org/10.1145/1375581.1375584},
	Year = {2008},
	OptBdsk-Url-1 = {http://doi.acm.org/10.1145/1375581.1375584},
	OptBdsk-Url-2 = {http://dx.doi.org/10.1145/1375581.1375584}}

@inproceedings{hilbrich2013runtime,
  title={Runtime MPI collective checking with tree-based overlay networks},
  author={Hilbrich, Tobias and de Supinski, Bronis R and H{\"a}nsel, Fabian and M{\"u}ller, Matthias S and Schulz, Martin and Nagel, Wolfgang E},
  optbooktitle={Proceedings of the 20th European MPI Users' Group Meeting},
  pages={129--134},
  year={2013},
  optorganization={ACM}
}

@incollection{hilbrich2010must,
  title={MUST: A scalable approach to runtime error detection in MPI programs},
  author={Hilbrich, Tobias and Schulz, Martin and de Supinski, Bronis R and M{\"u}ller, Matthias S},
  optbooktitle={Tools for High Performance Computing 2009},
  pages={53--66},
  year={2010},
  optpublisher={Springer}
}

@inproceedings{DBLP:conf/ptw/VoVG09,
  author    = {Anh Vo and
               Sarvani S. Vakkalanka and
               Ganesh Gopalakrishnan},
  title     = {{ISP} Tool Update: Scalable {MPI} Verification},
  optbooktitle = {Tools for High Performance Computing 2009 - Proceedings of the 3rd
               International Workshop on Parallel Tools for High Performance Computing,
               September 2009, ZIH, Dresden},
  pages     = {175--184},
  year      = {2009},
  optcrossref  = {DBLP:conf/ptw/2009},
  opturl       = {http://dx.doi.org/10.1007/978-3-642-11261-4_12},
  optdoi       = {10.1007/978-3-642-11261-4_12}}

@article{Pozniansky:2007:MEO:1228965.1228969,
	OptAcmid = {1228969},
	OptAddress = {Chichester, UK},
	Author = {Pozniansky, Eli and Schuster, Assaf},
	OptDoi = {10.1002/cpe.v19:3},
	OptIssn = {1532-0626},
	OptIssue_Date = {March 2007},
	OptJournal = {Concurr. Comput. : Pract. Exper.},
	OptKeywords = {concurrency, data race, instrumentation, multithreading, synchronization},
	OptMonth = mar,
	OptNumber = {3},
	OptNumpages = {14},
	Pages = {327--340},
	OptPublisher = {John Wiley and Sons Ltd.},
	Title = {MultiRace: Efficient On-the-fly Data Race Detection in Multithreaded C++ Programs},
	OptUrl = {http://dx.doi.org/10.1002/cpe.v19:3},
	OptVolume = {19},
	Year = {2007},
	OptBdsk-Url-1 = {http://dx.doi.org/10.1002/cpe.v19:3}}

@inproceedings{Protze:2014:TPL:2688361.2688369,
	OptAcmid = {2688369},
	OptAddress = {Piscataway, NJ, USA},
	Author = {Protze, Joachim and Atzeni, Simone and Ahn, Dong H. and Schulz, Martin and Gopalakrishnan, Ganesh and M\"{u}ller, Matthias S. and Laguna, Ignacio and Rakamari\'{c}, Zvonimir and Lee, Greg L.},
	OptBooktitle = {Proceedings of the 2014 LLVM Compiler Infrastructure in HPC},
	OptDoi = {10.1109/LLVM-HPC.2014.7},
	OptIsbn = {978-1-4799-7023-0},
	OptLocation = {New Orleans, Louisiana},
	OptNumpages = {8},
	Pages = {40--47},
	OptPublisher = {IEEE Press},
	OptSeries = {LLVM-HPC '14},
	Title = {Towards Providing Low-overhead Data Race Detection for Large OpenMP Applications},
	OptUrl = {http://dx.doi.org/10.1109/LLVM-HPC.2014.7},
	Year = {2014},
	OptBdsk-Url-1 = {http://dx.doi.org/10.1109/LLVM-HPC.2014.7}}

@inproceedings{Boehm:2011:MPB:2001252.2001255,
	Author = {Boehm, Hans-J.},
	Booktitle = {HotPar'11},
	optacmid = 2001255,
	optaddress = {Berkeley, CA, USA},
	optlocation = {Berkeley, CA},
	optnumpages = 1,
        optpublisher = {USENIX Association},
	optseries = {HotPar'11},
	opturl = {http://dl.acm.org/citation.cfm?id=2001252.2001255},
	optPages = {3--3},
	Title = {How to Miscompile Programs with "Benign" Data Races},
	Year = 2011}

@inproceedings{ec2_2015-agralslpm,
	Author = {Simone Atzeni and Ganesh Gopalakrishnan and Zvonimir Rakamari\'c and Dong H. Ahn and Ignacio Laguna and Martin Schulz and Greg L. Lee and Joachim Protze and Matthias S. M\"uller},
	OptBooktitle = {8th International Workshop on EC2},
	Note = {Position paper},
	Title = {Archer: Effectively Spotting Data Races in Large {OpenMP} Applications},
	Year = 2015}

@inproceedings{O'Callahan:2003:HDD:781498.781528,
 author = {O'Callahan, Robert and Choi, Jong-Deok},
 title = {Hybrid Dynamic Data Race Detection},
 booktitle = {PPoPP '03},
 optseries = {PPoPP '03},
 year = {2003},
 optisbn = {1-58113-588-2},
 optlocation = {San Diego, California, USA},
 pages = {167--178},
 optnumpages = {12},
 opturl = {http://doi.acm.org/10.1145/781498.781528},
 optdoi = {10.1145/781498.781528},
 optacmid = {781528},
 optpublisher = {ACM},
 optaddress = {New York, NY, USA},
 optkeywords = {Java, dynamic race detection, happens-before, lockset hybrid}}

@article{McKenney,
author={Guniguntala, D. and McKenney, P.E. and Triplett, J. and Walpole, J.},
optjournal={IBM Systems Journal},
title={The read-copy-update mechanism for supporting real-time applications on shared-memory multiprocessor systems with Linux},
year={2008},
optvolume={47},
optnumber={2},
pages={221-236},
optdoi={10.1147/sj.472.0221},
optISSN={0018-8670}}

@article{Dean:2008:MSD:1327452.1327492,
 author = {Dean, Jeffrey and Ghemawat, Sanjay},
 title = {MapReduce: Simplified Data Processing on Large Clusters},
 optjournal = {Commun. ACM},
 optissue_date = {January 2008},
 optvolume = {51},
 optnumber = {1},
 optmonth = jan,
 year = {2008},
 optissn = {0001-0782},
 pages = {107--113},
 optnumpages = {7},
 opturl = {http://doi.acm.org/10.1145/1327452.1327492},
 optdoi = {10.1145/1327452.1327492},
 optacmid = {1327492},
 optpublisher = {ACM},
 optaddress = {New York, NY, USA}}

@article{alexandrescu,
   author = {Andrei Alexandrescu},
   title = {Lock-Free Data Structures},
   year = {2007}}

@book{Herlihy:2008:AMP:1734069,
 author = {Herlihy, Maurice and Shavit, Nir},
 title = {The Art of Multiprocessor Programming},
 year = {2008},
 optisbn = {0123705916, 9780123705914},
 optpublisher = {Morgan Kaufmann Publishers Inc.},
 optaddress = {San Francisco, CA, USA},
} 

@inproceedings{tsan:2009,
	Author = {Serebryany, Konstantin and Iskhodzhanov, Timur},
	Booktitle = {Proc.\ of the Workshop on Binary
                  Instrumentation and Applications},
	Optacmid = {1791203},
	Optaddress = {New York, NY, USA},
	Optdoi = {10.1145/1791194.1791203},
	Optisbn = {978-1-60558-793-6},
	Optkeywords = {Valgrind, concurrency bugs, dynamic data race
                  detection, testing},
	Optlocation = {New York, New York},
	Optnumpages = {10},
	Optpublisher = {ACM},
	Optseries = {WBIA '09},
	Opturl = {http://doi.acm.org/10.1145/1791194.1791203},
	Pages = {62--71},
	Title = {{ThreadSanitizer}: Data Race Detection in Practice},
	Year = {2009}}
